%% This BibTeX bibliography file was created using BibDesk.
%% http://bibdesk.sourceforge.net/

%% Created for j at 2020-11-30 08:33:41 -0500 


%% Saved with string encoding Unicode (UTF-8) 



@book{shields.p:1996,
	author = {Shields, Paul C.},
	date-added = {2020-11-30 08:32:24 -0500},
	date-modified = {2020-11-30 08:33:39 -0500},
	doi = {10.1090/gsm/013},
	isbn = {0-8218-0477-4},
	keywords = {ergodic theory, entropy},
	project = {information-entropy},
	publisher = {American Mathematical Society, Providence, RI},
	series = {Graduate Studies in Mathematics},
	title = {The ergodic theory of discrete sample paths},
	url = {https://doi.org/10.1090/gsm/013},
	volume = {13},
	year = {1996},
	Bdsk-Url-1 = {https://doi.org/10.1090/gsm/013}}

@book{cover.t:2006,
	address = {USA},
	author = {Cover, Thomas M. and Thomas, Joy A.},
	date-added = {2020-11-30 08:21:16 -0500},
	date-modified = {2020-11-30 08:21:16 -0500},
	isbn = {0471241954},
	keywords = {information theory},
	project = {information-entropy},
	publisher = {Wiley-Interscience},
	title = {Elements of Information Theory},
	year = {2006},
	Bdsk-File-1 = {YnBsaXN0MDDSAQIDBFxyZWxhdGl2ZVBhdGhZYWxpYXNEYXRhXxAZcmVhZGluZ3MvY292ZXIudC4yMDA2LnBkZk8RAawAAAAAAawAAgAABlR3aXNieQAAAAAAAAAAAAAAAAAAAAAAAAAAAAAAAABCRAAB/////xBjb3Zlci50LjIwMDYucGRmAAAAAAAAAAAAAAAAAAAAAAAAAAAAAAAAAAAAAAAAAAAAAAAAAAAAAAAAAAAAAAD/////AAAAAAAAAAAAAAAAAAEAAwAACiBjdQAAAAAAAAAAAAAAAAAIcmVhZGluZ3MAAgBdLzpVc2VyczpqOk1jR2lsbDpQaEQtbWlhc21hOm1hdGgtY2x1YiAtIGluZm9ybWF0aW9uIHRoZW9yeSBhbmQgbWF0aDpyZWFkaW5nczpjb3Zlci50LjIwMDYucGRmAAAOACIAEABjAG8AdgBlAHIALgB0AC4AMgAwADAANgAuAHAAZABmAA8ADgAGAFQAdwBpAHMAYgB5ABIAW1VzZXJzL2ovTWNHaWxsL1BoRC1taWFzbWEvbWF0aC1jbHViIC0gaW5mb3JtYXRpb24gdGhlb3J5IGFuZCBtYXRoL3JlYWRpbmdzL2NvdmVyLnQuMjAwNi5wZGYAABMAAS8AABUAAgAI//8AAAAIAA0AGgAkAEAAAAAAAAACAQAAAAAAAAAFAAAAAAAAAAAAAAAAAAAB8A==}}

@book{watrous.j:2018,
	author = {Watrous, John},
	date-added = {2020-02-15 11:52:26 -0500},
	date-modified = {2020-02-15 11:55:28 -0500},
	keywords = {information theory, quantum information theory, entropy},
	project = {information-entropy},
	publisher = {Cambridge University Press},
	title = {The theory of quantum information},
	url = {https://cs.uwaterloo.ca/~watrous/TQI/},
	year = {2018},
	Bdsk-File-1 = {YnBsaXN0MDDSAQIDBFxyZWxhdGl2ZVBhdGhZYWxpYXNEYXRhXxAbcmVhZGluZ3Mvd2F0cm91cy5qLjIwMTgucGRmTxEBtAAAAAABtAACAAAGVHdpc2J5AAAAAAAAAAAAAAAAAAAAAAAAAAAAAAAAAEJEAAH/////EndhdHJvdXMuai4yMDE4LnBkZgAAAAAAAAAAAAAAAAAAAAAAAAAAAAAAAAAAAAAAAAAAAAAAAAAAAAAAAAAAAP////8AAAAAAAAAAAAAAAAAAQADAAAKIGN1AAAAAAAAAAAAAAAAAAhyZWFkaW5ncwACAF8vOlVzZXJzOmo6TWNHaWxsOlBoRC1taWFzbWE6bWF0aC1jbHViIC0gaW5mb3JtYXRpb24gdGhlb3J5IGFuZCBtYXRoOnJlYWRpbmdzOndhdHJvdXMuai4yMDE4LnBkZgAADgAmABIAdwBhAHQAcgBvAHUAcwAuAGoALgAyADAAMQA4AC4AcABkAGYADwAOAAYAVAB3AGkAcwBiAHkAEgBdVXNlcnMvai9NY0dpbGwvUGhELW1pYXNtYS9tYXRoLWNsdWIgLSBpbmZvcm1hdGlvbiB0aGVvcnkgYW5kIG1hdGgvcmVhZGluZ3Mvd2F0cm91cy5qLjIwMTgucGRmAAATAAEvAAAVAAIACP//AAAACAANABoAJABCAAAAAAAAAgEAAAAAAAAABQAAAAAAAAAAAAAAAAAAAfo=}}

@misc{grunwald.p:2004,
	archiveprefix = {arXiv},
	author = {Peter Grunwald and Paul Vitanyi},
	date-added = {2019-09-13 08:19:19 -0400},
	date-modified = {2019-09-13 08:20:10 -0400},
	eprint = {cs/0410002},
	keywords = {information theory, algorithmic complexity, kolmogorov complexity, shannon entropy, mutual information, rate-distortion theory},
	primaryclass = {cs.IT},
	project = {information-entropy},
	title = {Shannon Information and Kolmogorov Complexity},
	year = {2004},
	Bdsk-File-1 = {YnBsaXN0MDDSAQIDBFxyZWxhdGl2ZVBhdGhZYWxpYXNEYXRhbxBXAE0AYwBHAGkAbABsAC8AUABoAEQALQBtAGkAYQBzAG0AYQAvAG0AYQB0AGgALQBjAGwAdQBiACAALQAgAGkAbgBmAG8AcgBtAGEAdABpAG8AbgAgAHQAaABlAG8AcgB5ACAAYQBuAGQAIABtAGEAdABoAC8AcgBlAGEAZABpAG4AZwBzAC8AZwByAHUDCABuAHcAYQBsAGQALgBwAC4AMgAwADEAMAAuAHAAZABmTxEBvAAAAAABvAACAAAGVHdpc2J5AAAAAAAAAAAAAAAAAAAAAAAAAAAAAAAAAEJEAAH/////E2dyn253YWxkLnAuMjAxMC5wZGYAAAAAAAAAAAAAAAAAAAAAAAAAAAAAAAAAAAAAAAAAAAAAAAAAAAAAAAAAAP////8AAAAAAAAAAAAAAAAAAQAGAAAKIGN1AAAAAAAAAAAAAAAAAAhyZWFkaW5ncwACAGIvOlVzZXJzOmo6TWNHaWxsOlBoRC1taWFzbWE6bWF0aC1jbHViIC0gaW5mb3JtYXRpb24gdGhlb3J5IGFuZCBtYXRoOnJlYWRpbmdzOmdydcyIbndhbGQucC4yMDEwLnBkZgAOACoAFABnAHIAdQMIAG4AdwBhAGwAZAAuAHAALgAyADAAMQAwAC4AcABkAGYADwAOAAYAVAB3AGkAcwBiAHkAEgBgVXNlcnMvai9NY0dpbGwvUGhELW1pYXNtYS9tYXRoLWNsdWIgLSBpbmZvcm1hdGlvbiB0aGVvcnkgYW5kIG1hdGgvcmVhZGluZ3MvZ3J1zIhud2FsZC5wLjIwMTAucGRmABMAAS8AABUAAgAI//8AAAAIAA0AGgAkANUAAAAAAAACAQAAAAAAAAAFAAAAAAAAAAAAAAAAAAAClQ==}}

@book{li.m:2008,
	author = {Li, Ming and Vit{\'a}nyi, Paul and others},
	date-added = {2019-09-13 08:17:22 -0400},
	date-modified = {2019-09-13 08:17:36 -0400},
	keywords = {kolmogorov complexity},
	project = {information-entropy},
	publisher = {Springer},
	title = {An introduction to Kolmogorov complexity and its applications},
	volume = {3},
	year = {2008},
	Bdsk-File-1 = {YnBsaXN0MDDSAQIDBFxyZWxhdGl2ZVBhdGhZYWxpYXNEYXRhXxAWcmVhZGluZ3MvbGkubS4yMDA4LnBkZk8RAZ4AAAAAAZ4AAgAABlR3aXNieQAAAAAAAAAAAAAAAAAAAAAAAAAAAAAAAABCRAAB/////w1saS5tLjIwMDgucGRmAAAAAAAAAAAAAAAAAAAAAAAAAAAAAAAAAAAAAAAAAAAAAAAAAAAAAAAAAAAAAAAAAAD/////AAAAAAAAAAAAAAAAAAEAAwAACiBjdQAAAAAAAAAAAAAAAAAIcmVhZGluZ3MAAgBaLzpVc2VyczpqOk1jR2lsbDpQaEQtbWlhc21hOm1hdGgtY2x1YiAtIGluZm9ybWF0aW9uIHRoZW9yeSBhbmQgbWF0aDpyZWFkaW5nczpsaS5tLjIwMDgucGRmAA4AHAANAGwAaQAuAG0ALgAyADAAMAA4AC4AcABkAGYADwAOAAYAVAB3AGkAcwBiAHkAEgBYVXNlcnMvai9NY0dpbGwvUGhELW1pYXNtYS9tYXRoLWNsdWIgLSBpbmZvcm1hdGlvbiB0aGVvcnkgYW5kIG1hdGgvcmVhZGluZ3MvbGkubS4yMDA4LnBkZgATAAEvAAAVAAIACP//AAAACAANABoAJAA9AAAAAAAAAgEAAAAAAAAABQAAAAAAAAAAAAAAAAAAAd8=}}

@article{kolmogorov.a:1968a,
	author = {Kolmogorov, Andrei Nikolaevich},
	date-added = {2019-09-13 08:14:37 -0400},
	date-modified = {2019-09-13 08:15:41 -0400},
	journal = {International journal of computer mathematics},
	keywords = {information theory, kolmogorov complexity, algorithmic complexity},
	number = {1-4},
	pages = {157--168},
	project = {information-entropy},
	publisher = {Taylor \& Francis},
	title = {Three approaches to the quantitative definition of information},
	volume = {2},
	year = {1968},
	Bdsk-File-1 = {YnBsaXN0MDDSAQIDBFxyZWxhdGl2ZVBhdGhZYWxpYXNEYXRhXxAecmVhZGluZ3Mva29sbW9nb3Jvdi5hLjE5NjUucGRmTxEBvgAAAAABvgACAAAGVHdpc2J5AAAAAAAAAAAAAAAAAAAAAAAAAAAAAAAAAEJEAAH/////FWtvbG1vZ29yb3YuYS4xOTY1LnBkZgAAAAAAAAAAAAAAAAAAAAAAAAAAAAAAAAAAAAAAAAAAAAAAAAAAAAAAAP////8AAAAAAAAAAAAAAAAAAQADAAAKIGN1AAAAAAAAAAAAAAAAAAhyZWFkaW5ncwACAGIvOlVzZXJzOmo6TWNHaWxsOlBoRC1taWFzbWE6bWF0aC1jbHViIC0gaW5mb3JtYXRpb24gdGhlb3J5IGFuZCBtYXRoOnJlYWRpbmdzOmtvbG1vZ29yb3YuYS4xOTY1LnBkZgAOACwAFQBrAG8AbABtAG8AZwBvAHIAbwB2AC4AYQAuADEAOQA2ADUALgBwAGQAZgAPAA4ABgBUAHcAaQBzAGIAeQASAGBVc2Vycy9qL01jR2lsbC9QaEQtbWlhc21hL21hdGgtY2x1YiAtIGluZm9ybWF0aW9uIHRoZW9yeSBhbmQgbWF0aC9yZWFkaW5ncy9rb2xtb2dvcm92LmEuMTk2NS5wZGYAEwABLwAAFQACAAj//wAAAAgADQAaACQARQAAAAAAAAIBAAAAAAAAAAUAAAAAAAAAAAAAAAAAAAIH},
	Bdsk-Url-1 = {https://www.tandfonline.com/doi/pdf/10.1080/00207166808803030}}

@article{kolmogorov.a:1968,
	author = {Kolmogorov, Andrei},
	date-added = {2019-09-13 08:11:08 -0400},
	date-modified = {2019-09-13 08:11:46 -0400},
	journal = {IEEE Transactions on Information Theory},
	keywords = {kolmogorov complexity, algorithmic complexity, information theory},
	number = {5},
	pages = {662--664},
	project = {information-entropy},
	publisher = {IEEE},
	title = {Logical basis for information theory and probability theory},
	volume = {14},
	year = {1968},
	Bdsk-File-1 = {YnBsaXN0MDDSAQIDBFxyZWxhdGl2ZVBhdGhZYWxpYXNEYXRhXxAecmVhZGluZ3Mva29sbW9nb3Jvdi5hLjE5NjgucGRmTxEBvgAAAAABvgACAAAGVHdpc2J5AAAAAAAAAAAAAAAAAAAAAAAAAAAAAAAAAEJEAAH/////FWtvbG1vZ29yb3YuYS4xOTY4LnBkZgAAAAAAAAAAAAAAAAAAAAAAAAAAAAAAAAAAAAAAAAAAAAAAAAAAAAAAAP////8AAAAAAAAAAAAAAAAAAQADAAAKIGN1AAAAAAAAAAAAAAAAAAhyZWFkaW5ncwACAGIvOlVzZXJzOmo6TWNHaWxsOlBoRC1taWFzbWE6bWF0aC1jbHViIC0gaW5mb3JtYXRpb24gdGhlb3J5IGFuZCBtYXRoOnJlYWRpbmdzOmtvbG1vZ29yb3YuYS4xOTY4LnBkZgAOACwAFQBrAG8AbABtAG8AZwBvAHIAbwB2AC4AYQAuADEAOQA2ADgALgBwAGQAZgAPAA4ABgBUAHcAaQBzAGIAeQASAGBVc2Vycy9qL01jR2lsbC9QaEQtbWlhc21hL21hdGgtY2x1YiAtIGluZm9ybWF0aW9uIHRoZW9yeSBhbmQgbWF0aC9yZWFkaW5ncy9rb2xtb2dvcm92LmEuMTk2OC5wZGYAEwABLwAAFQACAAj//wAAAAgADQAaACQARQAAAAAAAAIBAAAAAAAAAAUAAAAAAAAAAAAAAAAAAAIH}}
